<?xml version="1.0" encoding="UTF-8"?><record xmlns="http://www.loc.gov/MARC21/slim" xmlns:cinclude="http://apache.org/cocoon/include/1.0" xmlns:zs="http://www.loc.gov/zing/srw/">
  <leader>00859cz  a2200169n  4500</leader>
  <controlfield tag="001">n  89140517 </controlfield>
  <controlfield tag="003">DLC</controlfield>
  <controlfield tag="005">20050608094812.0</controlfield>
  <controlfield tag="008">900524n| acannaab           |a aaa     b</controlfield>
  <datafield tag="010" ind1=" " ind2=" ">
    <subfield code="a">n  89140517 </subfield>
  </datafield>
  <datafield tag="040" ind1=" " ind2=" ">
    <subfield code="a">DNLM</subfield>
    <subfield code="c">DLC</subfield>
    <subfield code="d">DLC</subfield>
  </datafield>
  <datafield tag="100" ind1="1" ind2=" ">
    <subfield code="a">Lindesay, James,</subfield>
    <subfield code="d">1964-</subfield>
  </datafield>
  <datafield tag="400" ind1="1" ind2=" ">
    <subfield code="a">Lindesay, James Edward Burnet,</subfield>
    <subfield code="d">1964-</subfield>
  </datafield>
  <datafield tag="670" ind1=" " ind2=" ">
    <subfield code="a">His Delirium in the elderly, 1990:</subfield>
    <subfield code="b">CIP t.p. (James Lindesay, sr. lecturer in psychogeriatrics, United Medical and Dental School, Guy's Hosp., London, UK) pref. (J.E.B.L.)</subfield>
  </datafield>
  <datafield tag="670" ind1=" " ind2=" ">
    <subfield code="a">BL Web OPAC, June 8, 2005</subfield>
    <subfield code="b">(Lindesay, James, 1964-; b. Nov. 5; James Edward Burnet)</subfield>
  </datafield>
  <datafield tag="670" ind1=" " ind2=" ">
    <subfield code="a">OCLC #35112944: Advances in old age psychiatry, c1995</subfield>
    <subfield code="b">(usage: J. Lindesay)</subfield>
  </datafield>
  <datafield tag="670" ind1=" " ind2=" ">
    <subfield code="a">OCLC #53581770: His The epidemiology of anxiety disorders in the elderly, 1990 [Thesis (MD)--University of Oxford, 1990]</subfield>
    <subfield code="b">(hdg.: Lindesay, James Edward Burnet)</subfield>
  </datafield>
</record>